
@article{cn1,
	title = {苯巴比妥钠预防发热惊厥疗效观察},
	volume = {14},
	abstract = {目的:观察苯巴比妥钠预防发热惊厥的疗效。方法:选择复发2次以上的单纯性发热惊厥患儿188例,随机分成两组,预防组104例,在发热初起时给予苯巴比妥钠针剂4～5mg/kg肌肉注射,24小时重复用药1次,剂量同前。对照组84例,在发热初起时口服丙戊酸钠片15～30mg/(kg·日),分3次口服,共3天。结果:预防组有24例患儿发生惊厥,复发35次,对照组有35例患儿发生惊厥,复发76次,对照组复发的病例数与预防组比较,X2=7.46,P{\textless}0.01差异有显著意义,对照组复发的次数与预防组比较,X2=32.47,P{\textless}0.01差异有显著意义。结论:苯巴比妥钠预防发热惊厥要优于丙戊酸钠。},
	number = {25},
	journal = {中国社区医师(医学专业)},
	author = {王合超 and 张小燕},
	year = {2012},
	note = {ISBN: 1007-614X},
	keywords = {苯巴比妥钠;发热惊厥;疗效观察},
	pages = {160}
}

@article{cn2,
	title = {灌胃与腹腔注射对小鼠自主活动的影响},
	volume = {29},
	abstract = {目的:探讨灌胃(irrigation)与腹腔注射(intraperito-nealinjection)两种刺激对小鼠自主活动(locomotor activity)的影响,为评价药物中枢作用提供给药途径上的选择。方法:28只昆明种小鼠,随机分为灌胃组与腹腔注射组,每组14只。实验前,小鼠均置于自主活动记录仪中适应1h。第1d9∶00时,在无干扰下记录各小鼠的自主活动数,每次记录10min,连续3次。第2d9∶00时,灌胃组与腹腔注射组小鼠分别给予生理盐水(0.1ml/10g)灌胃与腹腔注射,操作完成后立即记录每只小鼠的自主活动数,记录方法同上。结果:灌胃与腹腔注射两种刺激均可使小鼠自主活动显著增加,持续约10min(P{\textless}0.05),但两组间差异不显著,无统计学意义(P{\textgreater}0.05)。结论:灌胃与腹腔注射两种刺激均可对小鼠自主活动产生影响,但影响程度相当。},
	number = {04},
	journal = {皖南医学院学报},
	author = {刘天雅 and 洪宗元},
	year = {2010},
	note = {ISBN: 1002-0217},
	keywords = {小鼠;自主活动;灌胃;腹腔注射},
	pages = {241--243}
}

@article{cn3,
	title = {尼可刹米对新生大鼠大脑皮层神经元钠通道的兴奋作用},
	volume = {39},
	abstract = {目的观察尼可刹米对新生大鼠皮层神经元电压依赖性钠通道的作用。方法应用全细胞膜片钳技术观察尼可刹米对新生大鼠脑片皮层神经元电压依赖性钠电流的作用。结果尼可刹米增加皮层神经元河豚毒素(TTX)敏感性电压依赖钠电流;尼可刹米使钠通道稳态激活曲线向超极化方向移动,钠通道半数激活电压(V1/2)从给予尼可刹米前的(-34.67±3.07)mV变为给予尼可刹米后的(-37.63±3.37)mV(n=10,P{\textless}0.05);尼可刹米使钠通道的稳态失活曲线向去极化方向移动,钠通道半数失活电压(V1/2)从给予尼可刹米前的(-43.36±3.06)mV变为给予尼可刹米后的(-33.24±2.05)mV(n=10,P{\textless}0.01)。结论尼可刹米通过改变皮层神经元钠通道的动力学特征来增加电压依赖性钠电流,这可能是尼可刹米兴奋中枢神经元的作用机制之一。},
	number = {09},
	journal = {重庆医学},
	author = {千智斌 and 宋晓荣 and 姬明丽},
	year = {2010},
	note = {ISBN: 1671-8348},
	keywords = {尼可刹米;皮层神经元;全细胞膜片钳;钠通道},
	pages = {1053--1055}
}
